@article{DBLP:journals/corr/GodardAB16,
	author    = {Cl{\'{e}}ment Godard and
	Oisin {Mac Aodha} and
	Gabriel J. Brostow},
	title     = {Unsupervised Monocular Depth Estimation with Left-Right Consistency},
	journal   = {CoRR},
	volume    = {abs/1609.03677},
	year      = {2016},
	url       = {http://arxiv.org/abs/1609.03677},
	archivePrefix = {arXiv},
	eprint    = {1609.03677},
	timestamp = {Mon, 13 Aug 2018 16:46:43 +0200},
	biburl    = {https://dblp.org/rec/bib/journals/corr/GodardAB16},
	bibsource = {dblp computer science bibliography, https://dblp.org}
}
@article{DBLP:journals/corr/MayerIHFCDB15,
	author    = {Nikolaus Mayer and
	Eddy Ilg and
	Philip H{\"{a}}usser and
	Philipp Fischer and
	Daniel Cremers and
	Alexey Dosovitskiy and
	Thomas Brox},
	title     = {A Large Dataset to Train Convolutional Networks for Disparity, Optical
	Flow, and Scene Flow Estimation},
	journal   = {CoRR},
	volume    = {abs/1512.02134},
	year      = {2015},
	url       = {http://arxiv.org/abs/1512.02134},
	archivePrefix = {arXiv},
	eprint    = {1512.02134},
	timestamp = {Mon, 13 Aug 2018 16:47:32 +0200},
	biburl    = {https://dblp.org/rec/bib/journals/corr/MayerIHFCDB15},
	bibsource = {dblp computer science bibliography, https://dblp.org}
}

@article{DBLP:journals/corr/SimonyanZ14a,
	author    = {Karen Simonyan and
	Andrew Zisserman},
	title     = {Very Deep Convolutional Networks for Large-Scale Image Recognition},
	journal   = {CoRR},
	volume    = {abs/1409.1556},
	year      = {2014},
	url       = {http://arxiv.org/abs/1409.1556},
	archivePrefix = {arXiv},
	eprint    = {1409.1556},
	timestamp = {Mon, 13 Aug 2018 16:46:51 +0200},
	biburl    = {https://dblp.org/rec/bib/journals/corr/SimonyanZ14a},
	bibsource = {dblp computer science bibliography, https://dblp.org}
}

@article{DBLP:journals/corr/HeZRS15,
	author    = {Kaiming He and
	Xiangyu Zhang and
	Shaoqing Ren and
	Jian Sun},
	title     = {Deep Residual Learning for Image Recognition},
	journal   = {CoRR},
	volume    = {abs/1512.03385},
	year      = {2015},
	url       = {http://arxiv.org/abs/1512.03385},
	archivePrefix = {arXiv},
	eprint    = {1512.03385},
	timestamp = {Mon, 13 Aug 2018 16:46:56 +0200},
	biburl    = {https://dblp.org/rec/bib/journals/corr/HeZRS15},
	bibsource = {dblp computer science bibliography, https://dblp.org}
}